@online{londonCrime,
  title = {www.statista.com},
  year = 2019,
  url = {https://www.statista.com/statistics/380963/london-crime-rate/},
  urldate = {2019-12-12}
}

@online{crimeEffect,
  title = {www.futurelearn.com},
  year = 2019,
  url = {https://www.futurelearn.com/courses/crime-justice-society/0/steps/10821},
  urldate = {2019-12-12}
}

@online{rentVsCrime,
  title = {www.renthop.com},
  year = 2019,
  url = {https://www.renthop.com/studies/national/how-much-does-crime-affect-rent-prices},
  urldate = {2019-12-12}
}


@online{dataPolice,
  year = 2019,
  url = {https://data.police.uk/},
  urldate = {2019-12-12}
}


@online{dataPolice201801Ramford,
  year = 2019,
  url = {https://www.police.uk/metropolitan/E05000319/crime/2018-01/},
  urldate = {2019-12-28}
}

@online{dataPoliceAbout,
  year = 2019,
  url = {https://data.police.uk/about/#anonymisation},
  urldate = {2019-12-12}
}

@online{spark,
  year = 2019,
  url = {https://spark.apache.org/},
  urldate = {2019-12-19}
}


@online{clusterManagers,
  year = 2016,
  url = {http://www.agildata.com/apache-spark-cluster-managers-yarn-mesos-or-standalone/},
  urldate = {2019-12-12}
}

@online{bkmGood,
  year = 2019,
  url = {https://pdfs.semanticscholar.org/d170/eda4468a4e78ea4ecad0d00620b7a9d135fd.pdf},
  urldate = {2019-12-18}
}

@online{pysparkML,
  year = 2019,
  url = {https://spark.apache.org/docs/2.3.1/api/python/pyspark.ml.html},
  urldate = {2019-12-19}
}

@online{pysparkSQL,
  year = 2019,
  url = {https://spark.apache.org/docs/2.3.1/api/python/pyspark.sql.html},
  urldate = {2019-12-19}
}

@online{bkmGeneral,
  year = 2019,
  url = {https://mvelayati.com/2017/07/19/data-mining-bisecting-k-means/},
  urldate = {2019-12-18}
}

@online{kMeans,
  year = 2019,
  url = {https://www.analyticsvidhya.com/blog/2019/08/comprehensive-guide-k-means-clustering/},
  urldate = {2019-12-18}
}

@online{Leaflet,
  year = 2019,
  url = {https://leafletjs.com/},
  urldate = {2019-12-19}
}

@online{VegaLite,
  year = 2019,
  url = {https://vega.github.io/vega-lite/},
  urldate = {2019-12-19}
}

@online{Hadoop,
    year = 2019,
    url = {https://hadoop.apache.org/},
    urldata = {2019-12-20}
}

